@article{menze2014multimodal,
  title={The multimodal brain tumor image segmentation benchmark (BRATS)},
  author={Menze, Bjoern H and Jakab, Andras and Bauer, Stefan and Kalpathy-Cramer, Jayashree and Farahani, Keyvan and Kirby, Justin and Burren, Yuliya and Porz, Nicole and Slotboom, Johannes and Wiest, Roland and others},
  journal={IEEE transactions on medical imaging},
  volume={34},
  number={10},
  pages={1993--2024},
  year={2014},
  publisher={IEEE}
}

@article{bakas2017advancing,
  title={Advancing the cancer genome atlas glioma MRI collections with expert segmentation labels and radiomic features},
  author={Bakas, Spyridon and Akbari, Hamed and Sotiras, Aristeidis and Bilello, Michel and Rozycki, Martin and Kirby, Justin S and Freymann, John B and Farahani, Keyvan and Davatzikos, Christos},
  journal={Scientific data},
  volume={4},
  pages={170117},
  year={2017},
  publisher={Nature Publishing Group}
}

@article{bakas2018identifying,
  title={Identifying the best machine learning algorithms for brain tumor segmentation, progression assessment, and overall survival prediction in the BRATS challenge},
  author={Bakas, Spyridon and Reyes, Mauricio and Jakab, Andras and Bauer, Stefan and Rempfler, Markus and Crimi, Alessandro and Shinohara, Russell Takeshi and Berger, Christoph and Ha, Sung Min and Rozycki, Martin and others},
  journal={arXiv preprint arXiv:1811.02629},
  year={2018}
}

@article{doi2007computer,
  title={Computer-aided diagnosis in medical imaging: historical review, current status and future potential},
  author={Doi, Kunio},
  journal={Computerized medical imaging and graphics},
  volume={31},
  number={4-5},
  pages={198--211},
  year={2007},
  publisher={Elsevier}
}

@inproceedings{ronneberger2015u,
  title={U-net: Convolutional networks for biomedical image segmentation},
  author={Ronneberger, Olaf and Fischer, Philipp and Brox, Thomas},
  booktitle={International Conference on Medical image computing and computer-assisted intervention},
  pages={234--241},
  year={2015},
  organization={Springer}
}

@inproceedings{strigl2010performance,
  title={Performance and scalability of GPU-based convolutional neural networks},
  author={Strigl, Daniel and Kofler, Klaus and Podlipnig, Stefan},
  booktitle={2010 18th Euromicro Conference on Parallel, Distributed and Network-based Processing},
  pages={317--324},
  year={2010},
  organization={IEEE}
}

@article{mcauliffe2009medical,
  title={Medical image processing, analysis, and visualization (MIPAV)},
  author={McAuliffe, M},
  journal={National Institutes of Health},
  volume={4},
  number={0},
  year={2009}
}

@book{michelucci2019advanced,
  title={Advanced applied deep learning: convolutional neural networks and object detection},
  author={Michelucci, Umberto},
  year={2019},
  publisher={Springer}
}

@misc{chollet2015keras,
  title={Keras},
  author={Chollet, Fran\c{c}ois and others},
  year={2015},
  howpublished={\url{https://keras.io}},
}

@misc{tensorflow2015-whitepaper,
title={ {TensorFlow}: Large-Scale Machine Learning on Heterogeneous Systems},
url={https://www.tensorflow.org/},
note={Software available from tensorflow.org},
author={
    Mart\'{\i}n~Abadi and
    Ashish~Agarwal and
    Paul~Barham and
    Eugene~Brevdo and
    Zhifeng~Chen and
    Craig~Citro and
    Greg~S.~Corrado and
    Andy~Davis and
    Jeffrey~Dean and
    Matthieu~Devin and
    Sanjay~Ghemawat and
    Ian~Goodfellow and
    Andrew~Harp and
    Geoffrey~Irving and
    Michael~Isard and
    Yangqing Jia and
    Rafal~Jozefowicz and
    Lukasz~Kaiser and
    Manjunath~Kudlur and
    Josh~Levenberg and
    Dandelion~Man\'{e} and
    Rajat~Monga and
    Sherry~Moore and
    Derek~Murray and
    Chris~Olah and
    Mike~Schuster and
    Jonathon~Shlens and
    Benoit~Steiner and
    Ilya~Sutskever and
    Kunal~Talwar and
    Paul~Tucker and
    Vincent~Vanhoucke and
    Vijay~Vasudevan and
    Fernanda~Vi\'{e}gas and
    Oriol~Vinyals and
    Pete~Warden and
    Martin~Wattenberg and
    Martin~Wicke and
    Yuan~Yu and
    Xiaoqiang~Zheng},
  year={2015},
}
